@online{wang2024,
  author = {王正绪},
  title = {厘清社会科学研究范式的基本差别},
  date = {2024-09-13},
  url = {https://www.cssn.cn/skgz/bwyc/202409/t20240913_5777429.shtml},
  urldate = {2025-07-07},
  organization = {中国社会科学网},
  langid = {chinese}
}

@video{bao2024,
  author = {包刚升},
  title = {国家起源于人与人的战争状态？如何解读霍布斯的《利维坦》？},
  date = {2024},
  url = {https://www.bilibili.com/video/BV1S2HsePERE},
  publisher = {哔哩哔哩},
  langid = {chinese}
}

@book{hayek1997,
  author = {Hayek, Friedrich A.},
  title = {自由秩序原理},
  publisher = {三联书店},
  year = {1997},
  translator = {邓正来},
  origlanguage = {english},
  langid = {chinese}
}

@online{milliep,
  author = {{Internet Encyclopedia of Philosophy}},
  title = {John Stuart Mill},
  url = {https://iep.utm.edu/milljs/},
  urldate = {2025-07-07},
  langid = {english}
}

@online{humeiep,
  author = {{Internet Encyclopedia of Philosophy}},
  title = {David Hume},
  url = {https://iep.utm.edu/hume/},
  urldate = {2025-07-07},
  langid = {english}
}

@online{positivism,
  title = {实证哲学教程},
  organization = {中国大百科全书网},
  url = {https://www.zgbk.com/ecph/words?SiteID=1&ID=399321&Type=bkzyb},
  urldate = {2025-07-07},
  langid = {chinese}
}

@online{marx1845,
  author = {Marx, Karl},
  title = {关于费尔巴哈的提纲},
  year = {1845},
  url = {https://www.marxists.org/chinese/marx/marxist.org-chinese-marx-1845.htm},
  urldate = {2025-07-07},
  langid = {chinese}
}

@online{marx1859,
  author = {Marx, Karl},
  title = {政治经济学批判序言},
  year = {1859},
  url = {https://www.marxists.org/chinese/marx/06.htm},
  urldate = {2025-07-07},
  langid = {chinese}
}

@book{yang2020,
  author = {杨立华 等},
  title = {政治学与公共管理研究方法基础},
  publisher = {北京大学出版社},
  year = {2025},
  address = {北京},
  langid = {chinese}
}

@book{key1,
  author = {作者},
  title = {书名},
  publisher = {出版社},
  year = {年份}
}